% Encoding: UTF-8

@Article{Harris1913,
  author =  {Harris, F. W.},
  title =   {How many parts to make at once},
  journal = {Factory, The Magazine of Management},
  year =    {1913},
  volume =  {10},
  number =  {2},
  pages =   {135-136,152}
}
